@book{gratzer2007more,
    title={More math into latex},
    author={Gr{\"a}tzer, George},
    year={2007},
    publisher={Swinger science \& Business Media}
}